% This file was created with JabRef 2.10.
% Encoding: ISO8859_1

@article{Kanzaki2010Circ,
  title={Three-dimensional architecture of cardiomyocytes and connective tissue in human heart revealed by scanning electron microscopy},
  author={Kanzaki, Yumiko and Terasaki, Fumio and Okabe, Makoto and Fujita, Shuichi and Katashima, Takashi and Otsuka, Kaoru and Ishizaka, Nobukazu},
  journal={Circulation},
  volume={122},
  number={19},
  pages={1973--1974},
  year={2010},
  File = {:Kanzaki2010Circ.pdf:PDF},
  publisher={Am Heart Assoc}
}

@article{electrofis,  
  title={Mathematical Cardiac Electrophysiology},
  author={P. C. Franzone - L. F. Pavarino - S. Scacchi},
  volume={Vol 2},
  year={2014}
}

@article{Rossi2001MedSciM,
  title={Connective tissue skeleton in the normal left ventricle and in hypertensive left ventricular hypertrophy and chronic chagasic myocarditis},
  author={Rossi, Marcos A},
  journal={Med Sci Monit},
  volume={7},
  number={4},
  pages={820--832},
    File = {:Rossi2001MedSciM.pdf:PDF},
  year={2001}
}

@article{Kawara2001Circ,
  title={Activation delay after premature stimulation in chronically diseased human myocardium relates to the architecture of interstitial fibrosis},
  author={Kawara, Tokuhiro and Derksen, Richard and de Groot, Joris R and Coronel, Ruben and Tasseron, Sara and Linnenbank, Andr{\'e} C and Hauer, Richard NW and Kirkels, Hans and Janse, Michiel J and de Bakker, Jacques MT},
  journal={Circulation},
  volume={104},
  number={25},
  pages={3069--3075},
  year={2001},
    File = {:Kawara2001Circ.pdf:PDF},
  publisher={Am Heart Assoc}
}

@article{electrofis_furst,
  title={Hurst's the Heart},
  author={Fuster V., Walsh R.A., Harrington R.A.},
  year={2011}
}

@inproceedings{Comtois2011IEEE,
  title={Interactions between cardiac fibrosis spatial pattern and ionic remodeling on electrical wave propagation},
  author={Comtois, Philippe and Nattel, Stanley},
  booktitle={Engineering in Medicine and Biology Society, EMBC, 2011 Annual International Conference of the IEEE},
  pages={4669--4672},
  year={2011},
    File = {:Comtois2011IEEE.pdf:PDF},
  organization={IEEE}
  
}

@article{Kirk2014pp,
  title={A computational study of the effects of remodelled electrophysiology and mechanics on initiation of ventricular fibrillation in human heart failure},
  author={Kirk, Nathan and Benson, Alan and Goodyer, Christopher and Hubbard, Matthew},
  journal={arXiv preprint arXiv:1406.1701},
    File = {:Kirk2014pp.pdf:PDF},
  year={2014}
}

@article{Kuijpers2005Europace,
  title={Computer simulations of successful defibrillation in decoupled and non-uniform cardiac tissue},
  author={Kuijpers, NHL and Keldermann, RH and Arts, T and Hilbers, PAJ},
  journal={Europace},
  volume={7},
  number={s2},
  pages={S166--S177},
  year={2005},
    File = {:Kuijpers2005Europace.pdf:PDF},
  publisher={Eur Heart Rhythm Assoc}
}

@article{Majumder2012Plos,
  title={Nonequilibrium arrhythmic states and transitions in a mathematical model for diffuse fibrosis in human cardiac tissue},
  author={Majumder, Rupamanjari and Nayak, Alok Ranjan and Pandit, Rahul},
    journal={PLoS},
    File = {:Majumder2012Plos.pdf:PDF},
  year={2012}
}

@article{TenTusscher2007Europace,
  title={Influence of diffuse fibrosis on wave propagation in human ventricular tissue},
  author={Ten Tusscher, Kirsten HWJ and Panfilov, Alexander V},
  journal={Europace},
  volume={9},
  number={suppl 6},
  pages={vi38--vi45},
  year={2007},
    File = {:TenTusscher2007Europace.pdf:PDF},
  publisher={Eur Heart Rhythm Assoc}
}

@article{Turner2005JCVep,
  title={Numerical simulation of paced electrogram fractionation: relating clinical observations to changes in fibrosis and action potential duration},
  author={Turner, Ian and L-H Huang, Christopher and Saumarez, Richard C},
  journal={Journal of Cardiovascular Electrophysiology},
  volume={16},
  number={2},
  pages={151--161},
  year={2005},
    File = {:Turner2005JCVep.pdf:PDF},
  publisher={Wiley Online Library}
}

@article{Krogh2012Plos,
  title={Effects of electrical and structural remodeling on atrial fibrillation maintenance: a simulation study},
  author={Krogh-Madsen, Trine and Abbott, Geoffrey W and Christini, David J},
  journal={PLoS Comput Biol},
  volume={8},
  number={2},
  pages={e1002390},
    File = {:Krogh2012Plos.pdf:PDF},
  year={2012}
}
@article{Constantino2012Progress,
  Title                    = {A computational approach to understanding the cardiac electromechanical activation sequence in the normal and failing heart, with translation to the clinical practice of {CRT}},
  Author                   = {Constantino, J. and Hu, Y. and Trayanova, N.A.},
  Journal                  = {Progress in Biophysics and Molecular Biology},
  Year                     = {2012},
  Month                    = oct,
  Number                   = {2-3},
  Pages                    = {372--379},
  Volume                   = {110},
  Doi                      = {10.1016/j.pbiomolbio.2012.07.009},
  File                     = {Constantino_2012.pdf:/home/hoermann/.zotero/zotero/krpbc0h6.default/zotero/storage/FM832U4J/Constantino_2012.pdf:application/pdf},
  ISSN                     = {00796107},
  Language                 = {en},
  Url                      = {http://linkinghub.elsevier.com/retrieve/pii/S0079610712000545},
    File = {:Constantino2012Progress.pdf:PDF},
  Urldate                  = {2014-11-28}
}

@article{ProfeJM,
  Title                    = {Profe Joaquin}  
}

@article{shearstrain-fiberorientation,
  Title                    = {Relating myocardial laminar architecture to shear strain and muscle fiber orientation},
  Author                   = {Arts T., Costa K.D., Covell J.W. and McCuloch A.D.},
  Year                     = {2000},
  Month                    = dec,
}

@misc{texas_inst,
  Title			   = {$http://www.texasheartinstitute.org/HIC/Anatomy/images/fig1\_crosslg.jpg$}
}
@misc{action-potential-figure,
  Title			   = {$https://commons.wikimedia.org/wiki/File:Action\_potential.svg$}
}

@article{colli_franzone,
  Title                    = {Degenerate evolution systems modeling the cardiac electric field at micro and macroscopic level, evolution equations, semigroups and functional analysis},
  Author                   = {P. Colli Franzone, G. Savar√©},
  Year                     = {2002},
}
