% This file was created with JabRef 2.10.
% Encoding: ISO8859_1

@article{Kanzaki2010Circ,
  title={Three-dimensional architecture of cardiomyocytes and connective tissue in human heart revealed by scanning electron microscopy},
  author={Kanzaki, Yumiko and Terasaki, Fumio and Okabe, Makoto and Fujita, Shuichi and Katashima, Takashi and Otsuka, Kaoru and Ishizaka, Nobukazu},
  journal={Circulation},
  volume={122},
  number={19},
  pages={1973--1974},
  year={2010},
  File = {:Kanzaki2010Circ.pdf:PDF},
  publisher={Am Heart Assoc}
}

@book{electrofis,  
  title={Mathematical Cardiac Electrophysiology},
  author={Franzone P.C. and Pavarino L.F. and Scacchi S.},
  edition={Springer},
  volume={2},
  year={2014},
  note = {Italy},
}

@article{Rossi2001MedSciM,
  title={Connective tissue skeleton in the normal left ventricle and in hypertensive left ventricular hypertrophy and chronic chagasic myocarditis},
  author={Rossi, Marcos A},
  journal={Med Sci Monit},
  volume={7},
  number={4},
  pages={820--832},
    File = {:Rossi2001MedSciM.pdf:PDF},
  year={2001}
}

@article{Kawara2001Circ,
  title={Activation delay after premature stimulation in chronically diseased human myocardium relates to the architecture of interstitial fibrosis},
  author={Kawara, Tokuhiro and Derksen, Richard and de Groot, Joris R and Coronel, Ruben and Tasseron, Sara and Linnenbank, Andr{\'e} C and Hauer, Richard NW and Kirkels, Hans and Janse, Michiel J and de Bakker, Jacques MT},
  journal={Circulation},
  volume={104},
  number={25},
  pages={3069--3075},
  year={2001},
    File = {:Kawara2001Circ.pdf:PDF},
  publisher={Am Heart Assoc}
}

@article{electrofis_furst,
  title={Hurst's the Heart},
  author={Fuster V., Walsh R.A., Harrington R.A.},
  year={2011}
}

@conference{Comtois2011IEEE,
  title={Interactions between cardiac fibrosis spatial pattern and ionic remodeling on electrical wave propagation},
  author={Comtois P. and Nattel S.},
  booktitle={Engineering in Medicine and Biology Society, EMBC, 2011 Annual International Conference of the IEEE},
  pages={4669--4672},
  year={2011},
  organization={IEEE},
  address = {USA},
}

@article{Kirk2014pp,
  title={A computational study of the effects of remodelled electrophysiology and mechanics on initiation of ventricular fibrillation in human heart failure},
  author={Kirk, Nathan and Benson, Alan and Goodyer, Christopher and Hubbard, Matthew},
  journal={arXiv preprint arXiv:1406.1701},
    File = {:Kirk2014pp.pdf:PDF},
  year={2014}
}

@article{Kuijpers2005Europace,
  title={Computer simulations of successful defibrillation in decoupled and non-uniform cardiac tissue},
  author={Kuijpers, NHL and Keldermann, RH and Arts, T and Hilbers, PAJ},
  journal={Europace},
  volume={7},
  number={s2},
  pages={S166--S177},
  year={2005},
    File = {:Kuijpers2005Europace.pdf:PDF},
  publisher={Eur Heart Rhythm Assoc}
}

@article{Majumder2012Plos,
  title={Nonequilibrium arrhythmic states and transitions in a mathematical model for diffuse fibrosis in human cardiac tissue},
  author={Majumder, Rupamanjari and Nayak, Alok Ranjan and Pandit, Rahul},
    journal={PLoS},
    File = {:Majumder2012Plos.pdf:PDF},
  year={2012}
}

@article{TenTusscher2007Europace,
  title={Influence of diffuse fibrosis on wave propagation in human ventricular tissue},
  author={Ten Tusscher, Kirsten HWJ and Panfilov, Alexander V},
  journal={Europace},
  volume={9},
  number={suppl 6},
  pages={vi38--vi45},
  year={2007},
    File = {:TenTusscher2007Europace.pdf:PDF},
  publisher={Eur Heart Rhythm Assoc}
}

@article{Turner2005JCVep,
  title={Numerical simulation of paced electrogram fractionation: relating clinical observations to changes in fibrosis and action potential duration},
  author={Turner, Ian and L-H Huang, Christopher and Saumarez, Richard C},
  journal={Journal of Cardiovascular Electrophysiology},
  volume={16},
  number={2},
  pages={151--161},
  year={2005},
    File = {:Turner2005JCVep.pdf:PDF},
  publisher={Wiley Online Library}
}

@article{Krogh2012Plos,
  title={Effects of electrical and structural remodeling on atrial fibrillation maintenance: a simulation study},
  author={Krogh-Madsen, Trine and Abbott, Geoffrey W and Christini, David J},
  journal={PLoS Comput Biol},
  volume={8},
  number={2},
  pages={e1002390},
    File = {:Krogh2012Plos.pdf:PDF},
  year={2012}
}
@article{Constantino2012Progress,
  Title                    = {A computational approach to understanding the cardiac electromechanical activation sequence in the normal and failing heart, with translation to the clinical practice of {CRT}},
  Author                   = {Constantino and J. and Hu, Y. and Trayanova, N.A.},
  Journal                  = {Progress in Biophysics and Molecular Biology},
  Year                     = {2012},
  Month                    = oct,
  Number                   = {2-3},
  Pages                    = {372--379},
  Volume                   = {110},
  Doi                      = {10.1016/j.pbiomolbio.2012.07.009},
  File                     = {Constantino_2012.pdf:/home/hoermann/.zotero/zotero/krpbc0h6.default/zotero/storage/FM832U4J/Constantino_2012.pdf:application/pdf},
  ISSN                     = {00796107},
  Language                 = {en},
  Url                      = {http://linkinghub.elsevier.com/retrieve/pii/S0079610712000545},
    File = {:Constantino2012Progress.pdf:PDF},
  Urldate                  = {2014-11-28}
}

@article{shearstrain-fiberorientation,
  Title                    = {Relating myocardial laminar architecture to shear strain and muscle fiber orientation},
  Author                   = {Arts T. and Costa K.D. and Covell J.W. and McCuloch A.D.},
  Journal                  = {American Journal of Physiology - Heart and Circulatory Physiology},
  Year                     = {2000},
  Pages                    = {H2222 -- H2229},
  Volume                   = {280},
  Number                   = {5},
  
}

@book{colli_franzone,
  Title                    = {Degenerate evolution systems modeling the cardiac electric field at micro and macroscopic level, evolution equations, semigroups and functional analysis},
  Author                   = {Colli P. and Savaré G.},
  edition                  = {Springer},
  Year                     = {2002},
}

@article{BUENO_OROVIO_MINIMAL,
  Title                    = {Minimal model for human ventricular action potentials in tissue},
  Author                   = {Bueno-Orovio A. and Cherry E.M. and Fenton F.H.},
  Journal                  = {Journal of Theoretical Biology},
  Year                     = {2008},
  Pages                    = {544 -- 560},
  Volume                   = {253},
  Number                   = {3},
}

@conference{MINIMAL_ATRIAL,
  Title                    = {Adaptation of a Minimal Four-State Cell Model for Reproducing Atrial Excitation Properties},
  Author                   = {Weber F.M. and Lurz S. and Keller D.U.J. and Weiss D.L. and Seemann G. and Lorenz C. and Dossel O.},
  booktitle                = {Computers in Cardiology},    
  month                    = {September},
  Year                     = {2008},
}

@article{homogenization,
  Title                    = {Optimal design of three-dimensional axisymmetric elastic structures},
  Author                   = {Murat F. and Tartar L.},
  journal                  = {Structural and Multidisciplinary Optimization},
  pages                    = {35--45},
  Volume                   = {12},
  Number   = {1},
  Year     = {1978}
}

@article{FENICS,
  Title    = {The FEniCS Project Version 1.5},
  Author   = {Alnæs M.S. and Blechta J. and Hake J. and Johansson A. and Kehlet B. and Logg A. and Richardson C. and Ring J. and Rognes M.E. and Wells G.N.},
  journal  = {Archive of Numerical Software},
  Pages    = {9 -- 23},
  Volume   = {3},
  Number   = {100},
  Language = {en},
  Year     = {2016}
}

@article{GMSH,
  Title    = {Gmsh: a three-dimensional finite element mesh generator with built-in pre- and post-processing facilities},
  Author   = {Geuzaine and Remacle J.F.},
  journal  = {International Journal for Numerical Methods in Engineering},
  Pages    = {1309-1331},
  Volume   = {79},
  Number   = {11},
      Year     = {2009}
}

@article{Myeburg_cardiac_sudden_death,
  Title    = {Sudden cardiac death: epidemiology, transient risk, and intervention assessment},
  Author   = {Myerburg R.J. and Kessler M. and Castellanos A.},
  journal  = {Ann Intern Med},
  Volume   = {119},
  Number   = {12},
  Pages    = {1187-1197},
  Language = {en},
  Year     = {1993}
}

@misc{American_heart_association_stathistics,
  author   = {Lloyd-Jones D.},
  Title    = {Executive summary: Heart disease and stroke statistics - 2010 Update},
  journal  = {Circulation},
  Volume   = {121},
  Pages    = {948-954},
  Language = {en},
  Year     = {2010}
}
